@misc{vars_rec_sys,
	author = {Fayyaz Z.; Ebrahimian M.; Nawara D.; Ibrahim A.; Kashef R.},
	title = {Recommendation Systems: Algorithms, Challenges, Metrics, and Business Opportunities. Appl. Sci. 2020, 10, 7748. },
	year = {2020},
	month = {November},
	note = {Last accessed 24 Octopber 2024},
	howpublished = {\url{https://doi.org/10.3390/app10217748}},
}

@misc{arch_rec_sys,
	author = {Anand Subramaniam},
	title = {Meeting Customer Expectations with AI-powered Recommendation Systems in Banking: Use Cases & Insights},
	year = {2024},
	month = {May},
	note = {Last accessed 24 Octopber 2024},
	howpublished = {\url{https://kanini.com/blog/banking-recommendation-system-use-cases/}},
}

@inproceedings{wang2019review,
  title={The review of recommendation system},
  author={Wang, Ning and Zhao, Hui and Zhu, Xue and Li, Nan},
  booktitle={Geo-informatics in Sustainable Ecosystem and Society: 6th International Conference, GSES 2018, Handan, China, September 25--26, 2018, Revised Selected Papers 6},
  pages={332--342},
  year={2019},
  organization={Springer}
}


%Author's Last Name, First Name. "Title of Article: Subtitle if Any." Title of Website, Date of Publication, URL. Accessed Day Month Year site was visited.